  @article{MANO:SIGGRAPHASIA:2017,
      title = {Embodied Hands: Modeling and Capturing Hands and Bodies Together},
      author = {Romero, Javier and Tzionas, Dimitrios and Black, Michael J.},
      journal = {ACM Transactions on Graphics, (Proc. SIGGRAPH Asia)},
      volume = {36},
      number = {6},
      series = {245:1--245:17},
      month = nov,
      year = {2017},
      month_numeric = {11}
  }